
% Example below
@inproceedings{raftAlg,
	author = {Ongaro, Diego and Ousterhout, John},
	title = {In Search of an Understandable Consensus Algorithm},
	booktitle = {Proceedings of the 2014 USENIX Conference on USENIX Annual Technical Conference},
	series = {USENIX ATC'14},
	year = {2014},
	isbn = {978-1-931971-10-2},
	location = {Philadelphia, PA},
	pages = {305--320},
	numpages = {16},
	acmid = {2643666},
	publisher = {USENIX Association},
	address = {Berkeley, CA, USA},
}
% End of example

@article{brautaset2020acoustic,
  title={Acoustic classification in multifrequency echosounder data using deep convolutional neural networks},
  author={Brautaset, Olav and Waldeland, Anders Ueland and Johnsen, Espen and Malde, Ketil and Eikvil, Line and Salberg, Arnt-B{\o}rre and Handegard, Nils Olav},
  journal={ICES Journal of Marine Science},
  volume={77},
  number={4},
  pages={1391--1400},
  year={2020},
  publisher={Oxford University Press}
}

@article{johnsen2020measuring,
  title={Measuring distribution and density of sprat in {\AA}rdalsfjorden with a kayak drone-15-16 August 2020},
  author={Johnsen, Espen and Totland, Atle and Kvamme, Cecilie},
  journal={Rapport fra havforskningen},
  year={2020},
  publisher={Havforskningsinstituttet}
}

@misc{IMR, title={Quota advice}, url={https://www.hi.no/en/hi/radgivning/quota-advice-1}, journal={Institute of Marine Research}, publisher={Institute of Marine Research}, author={Institute of Marine Research},year = "2021 (accessed September 23, 2021)"} 

@misc{IMR-vessels, title={IMR-Vessels}, url={https://www.hi.no/en/hi/about-us/facilities/our-vessels}, journal={Institute of Marine Research}, publisher={Institute of Marine Research}, author={Institute of Marine Research},year = "2021 (accessed September 23, 2021)"}

@inbook{Goodfellow-et-al-2016_ML,
  title        = "Machine Learning Basics",
  booktitle    = "Deep Learning",
  author       = "Ian Goodfellow and Yoshua Bengio and Aaron Courville",
  chapter      = 5,
  pages        = "99",
  year         = 2016
}


@inbook{Goodfellow-et-al-2016_E,
  title        = "Machine Learning Basics",
  booktitle    = "Deep Learning",
  author       = "Ian Goodfellow and Yoshua Bengio and Aaron Courville",
  chapter      = 5,
  pages        = "104-107",
  year         = 2016
}

@misc{azure, title={What is Windows Azure?}, url={https://searchcloudcomputing.techtarget.com/definition/Windows-Azure}, publisher={TechTarget}, author={Stephen J. Bigelow},year = "2021 (accessed November 29, 2021)"
}

@misc{raw, title={What is a .RAW file?}, url={https://fileinfo.com/extension/raw}, publisher={fileinfo.com}, author={Unknown},year = "2021 (accessed November 29, 2021)"
}

@misc{docker, title={What is Docker?}, url={https://www.ibm.com/in-en/cloud/learn/docker}, publisher={International Business Machines Corporation (IBM)}, author={IBM Cloud Education},year = "2021 (accessed November 29, 2021)"
}

@misc{crimac_pipeline, title={CRIMAC pipeline - github}, url={https://github.com/CRIMAC-WP4-Machine-learning/CRIMAC-classifiers-unet}, publisher={Norwegian Computing Center and the Norwegian Institute of Marine Research as part of the research projects COGMAR and CRIMAC}, author={Nils Olav Handegaard, Ibrahim Umar, Alba Ordonez and Ingrid Utseth},year = "2021 (accessed November 29, 2021)"
}

@misc{lsss, title={Large Scale Survey System (LSSS)}, url={https://www.kongsberg.com/maritime/products/ocean-science/fishery-research/scientific-post-processing-applications/large-scale-survey-system-lsss/}, publisher={kongsberg}, author={Unknown},year = "2021 (accessed November 30, 2021)"
}

@misc{ices, title={ICES}, url={https://www.ices.dk/about-ICES/Pages/default.aspx}, publisher={International Council for the Exploration of the Sea}, author={Unknown},year = "2021 (accessed November 30, 2021)"
}

@misc{zarr, title={What is zarr?}, url={https://zarr.readthedocs.io/en/stable/}, publisher={Zarr Developers}, author={Unknown},year = "2021 (accessed November 30, 2021)"
}

@misc{xarray, title={What is xarray?}, url={http://xarray.pydata.org/en/stable/}, publisher={xarray Developers}, author={Unknown},year = "2021 (accessed November 30, 2021)"
}

@inbook{Goodfellow-et-al-2016_NN,
  title        = "Deep Feedforward Networks",
  booktitle    = "Deep Learning",
  author       = "Ian Goodfellow and Yoshua Bengio and Aaron Courville",
  chapter      = 5,
  year         = 2016
}

@misc{silver2017mastering,
      title={Mastering Chess and Shogi by Self-Play with a General Reinforcement Learning Algorithm}, 
      author={David Silver and Thomas Hubert and Julian Schrittwieser and Ioannis Antonoglou and Matthew Lai and Arthur Guez and Marc Lanctot and Laurent Sifre and Dharshan Kumaran and Thore Graepel and Timothy Lillicrap and Karen Simonyan and Demis Hassabis},
      year={2017},
      eprint={1712.01815},
      archivePrefix={arXiv},
      primaryClass={cs.AI}
}

@article{razavi2021deep_exp_DL,
  title={Deep learning, explained: Fundamentals, explainability, and bridgeability to process-based modelling},
  author={Razavi, Saman},
  journal={Environmental Modelling \& Software},
  volume={144},
  pages={105159},
  year={2021},
  publisher={Elsevier}
}


@article{razavi2021deep_exp_per,
  title={Deep learning, explained: Fundamentals, explainability, and bridgeability to process-based modelling},
  author={Razavi, Saman},
  journal={Environmental Modelling \& Software},
  volume={144},
  pages={105159},
  year={2021},
  section={2.2}, 
  publisher={Elsevier}
}

@inproceedings{sharma2019new_activation_func,
    alias={A new activation function for deep neural network},
  title={A new activation function for deep neural network},
  author={Sharma, Ochin},
  booktitle={2019 international conference on machine learning, big data, cloud and parallel computing (COMITCon)},
  pages={84--86},
  year={2019},
  organization={IEEE}
}

@article{rajak2021segmentation,
  title={Segmentation of Polyp Instruments using UNet based deep learning model},
  author={Rajak, Rishav Kumar and Mirza, Ashar Beg},
  year={2021}
}

@inproceedings{unet_ronneberger2015,
  title={U-net: Convolutional networks for biomedical image segmentation},
  author={Ronneberger, Olaf and Fischer, Philipp and Brox, Thomas},
  booktitle={International Conference on Medical image computing and computer-assisted intervention},
  pages={234--241},
  year={2015},
  organization={Springer}
}

@InProceedings{He_2017_ICCV_segmentation,
author = {He, Kaiming and Gkioxari, Georgia and Dollar, Piotr and Girshick, Ross},
title = {Mask R-CNN},
booktitle = {Proceedings of the IEEE International Conference on Computer Vision (ICCV)},
month = {Oct},
year = {2017}
}

@article{o2015introduction_convolutions,
  title={An introduction to convolutional neural networks},
  author={O'Shea, Keiron and Nash, Ryan},
  journal={arXiv preprint arXiv:1511.08458},
  year={2015}
}

@article{voulodimos2018deep_computer_vision,
  title={Deep learning for computer vision: A brief review},
  author={Voulodimos, Athanasios and Doulamis, Nikolaos and Doulamis, Anastasios and Protopapadakis, Eftychios},
  journal={Computational intelligence and neuroscience},
  volume={2018},
  year={2018},
  publisher={Hindawi}
}


@article{davis2014visual_deep_video_audio,
  title={The visual microphone: Passive recovery of sound from video},
  author={Davis, Abe and Rubinstein, Michael and Wadhwa, Neal and Mysore, Gautham J and Durand, Fredo and Freeman, William T},
  year={2014},
  publisher={Association for Computing Machinery (ACM)}
}